@inproceedings{singh2011k,
  title={K-means v/s K-medoids: A Comparative Study‚Äù},
  author={Singh, Shalini S and Chauhan, NC},
  booktitle={National Conference on Recent Trends in Engineering \& Technology,(13-14 May 2011)},
  year={2011}
}
